<record><leader>00000cas a2200000 a 4500</leader><controlfield tag="001">13510631</controlfield><controlfield tag="008">860430c19859999cauwr ne      0   z0thaod</controlfield><datafield ind1=" " ind2=" " tag="010"><subfield code="a">sn 86013943 </subfield></datafield><datafield ind1=" " ind2=" " tag="040"><subfield code="a">NSD</subfield><subfield code="b">eng</subfield><subfield code="c">NSD</subfield><subfield code="d">NST</subfield><subfield code="d">CNK</subfield><subfield code="d">WAU</subfield><subfield code="d">OCLCQ</subfield><subfield code="d">DLC</subfield><subfield code="d">OCLCQ</subfield><subfield code="d">OCLCF</subfield><subfield code="d">OCLCO</subfield></datafield><datafield ind1=" " ind2=" " tag="012"><subfield code="i">9211</subfield><subfield code="m">1</subfield></datafield><datafield ind1=" " ind2=" " tag="019"><subfield code="a">13461576</subfield><subfield code="a">226113730</subfield></datafield><datafield ind1="0" ind2=" " tag="022"><subfield code="a">0888-238X</subfield><subfield code="l">0888-238X</subfield><subfield code="2">1</subfield></datafield><datafield ind1="1" ind2=" " tag="029"><subfield code="a">AU@</subfield><subfield code="b">000025817270</subfield></datafield><datafield ind1=" " ind2=" " tag="032"><subfield code="a">511210</subfield><subfield code="b">USPS</subfield></datafield><datafield ind1=" " ind2=" " tag="037"><subfield code="b">Sereechai News, 1819 W. 6th St., Suite 304, Los Angeles, CA 90057</subfield></datafield><datafield ind1=" " ind2=" " tag="042"><subfield code="a">nsdp</subfield></datafield><datafield ind1=" " ind2=" " tag="043"><subfield code="a">n-us-ca</subfield></datafield><datafield ind1="1" ind2=" " tag="082"><subfield code="a">071</subfield><subfield code="2">11</subfield></datafield><datafield ind1="0" ind2=" " tag="210"><subfield code="a">Se&#772;r&#772;ic&#772;hai</subfield></datafield><datafield ind1=" " ind2="0" tag="222"><subfield code="a">Se&#772;r&#772;ic&#772;hai</subfield></datafield><datafield ind1="0" ind2="0" tag="245"><subfield code="a">Se&#772;r&#772;ic&#772;hai =</subfield><subfield code="b">Sereechai.</subfield></datafield><datafield ind1="3" ind2="1" tag="246"><subfield code="a">Sereechai newspaper</subfield></datafield><datafield ind1=" " ind2=" " tag="260"><subfield code="a">Los Angeles, Calif. :</subfield><subfield code="b">Sereechai News</subfield></datafield><datafield ind1=" " ind2=" " tag="300"><subfield code="a">v. :</subfield><subfield code="b">ill. ;</subfield><subfield code="c">58 cm.</subfield></datafield><datafield ind1=" " ind2=" " tag="310"><subfield code="a">Weekly</subfield></datafield><datafield ind1=" " ind2=" " tag="588"><subfield code="a">Description based on: Pi&#772; thi&#772; 1, chabap thi&#772; 3 (22 To&#772;&#796;. Kho&#772;&#796;. 2528 [Oct. 22, 1985]).</subfield></datafield><datafield ind1=" " ind2=" " tag="588"><subfield code="a">Latest issue consulted: Pi&#772; thi&#772; 14, chabap thi 649 (3-9 Mo&#772;&#796;. Kho&#772;&#796;. [Jan. 3-9 1998).</subfield></datafield><datafield ind1=" " ind2="0" tag="650"><subfield code="a">Thai Americans</subfield><subfield code="z">California</subfield><subfield code="z">Los Angeles</subfield><subfield code="v">Newspapers.</subfield></datafield><datafield ind1=" " ind2="7" tag="655"><subfield code="a">Newspapers.</subfield><subfield code="2">fast</subfield><subfield code="0">(OCoLC)fst01423814</subfield></datafield><datafield ind1=" " ind2="7" tag="650"><subfield code="a">Thai Americans.</subfield><subfield code="2">fast</subfield><subfield code="0">(OCoLC)fst01149004</subfield></datafield><datafield ind1=" " ind2="7" tag="651"><subfield code="a">California</subfield><subfield code="z">Los Angeles.</subfield><subfield code="2">fast</subfield><subfield code="0">(OCoLC)fst01204540</subfield></datafield><datafield ind1=" " ind2=" " tag="752"><subfield code="a">United States</subfield><subfield code="b">California</subfield><subfield code="c">Los Angeles</subfield><subfield code="d">Los Angeles.</subfield></datafield><datafield ind1="0" ind2="0" tag="780"><subfield code="t">Se&#772;ri&#772;chon</subfield><subfield code="x">0747-3990</subfield><subfield code="w">(DLC)sn 84007604</subfield><subfield code="w">(OCoLC)7883662</subfield></datafield><datafield ind1=" " ind2=" " tag="850"><subfield code="a">IaU</subfield><subfield code="a">WaU</subfield></datafield></record>